@incollection{synthetic,
title = {5 - Structure development in synthetic fiber production},
editor = {S.J. Eichhorn and J.W.S. Hearle and M. Jaffe and T. Kikutani},
booktitle = {Handbook of Textile Fibre Structure},
publisher = {Woodhead Publishing},
pages = {157-180},
year = {2009},
volume = {1},
series = {Woodhead Publishing Series in Textiles},
isbn = {978-1-84569-380-0},
doi = {https://doi.org/10.1533/9781845696504.2.157},
url = {https://www.sciencedirect.com/science/article/pii/B9781845693800500059},
author = {T. Kikutani}
}

@article{wearable_energy1,
author = {Levitt, Ariana and Zhang, Jizhen and Dion, Genevieve and Gogotsi, Yury and Razal, Joselito M.},
title = {MXene-Based Fibers, Yarns, and Fabrics for Wearable Energy Storage Devices},
journal = {Advanced Functional Materials},
volume = {30},
number = {47},
pages = {2000739},
doi = {https://doi.org/10.1002/adfm.202000739},
url = {https://onlinelibrary.wiley.com/doi/abs/10.1002/adfm.202000739},
eprint = {https://onlinelibrary.wiley.com/doi/pdf/10.1002/adfm.202000739},
year = {2020}
}

@ARTICLE{wearable_energy2,
  
AUTHOR={Lu, Zan and Raad, Raad and Safaei, Farzad and Xi, Jiangtao and Liu, Zhoufeng and Foroughi, Javad},   
TITLE={Carbon Nanotube Based Fiber Supercapacitor as Wearable Energy Storage}, 
JOURNAL={Frontiers in Materials},      
VOLUME={6},      
YEAR={2019},      
URL={https://www.frontiersin.org/article/10.3389/fmats.2019.00138},       
DOI={10.3389/fmats.2019.00138},      
ISSN={2296-8016}
}

@INPROCEEDINGS{models1,  author={Salih, Atheer L. and Moghavvemi, M. and Mohamed, Haider A. F. and Gaeid, Khalaf Sallom},  booktitle={2010 IEEE International Conference on Automation, Quality and Testing, Robotics (AQTR)},   title={Modelling and PID controller design for a quadrotor unmanned air vehicle},   year={2010},  volume={1},  number={},  pages={1-5},  doi={10.1109/AQTR.2010.5520914}}

@article{models2,
title = {Integration of process design and controller design for chemical processes using model-based methodology},
journal = {Computers & Chemical Engineering},
volume = {34},
number = {5},
pages = {683-699},
year = {2010},
note = {Selected Paper of Symposium ESCAPE 19, June 14-17, 2009, Krakow, Poland},
issn = {0098-1354},
doi = {https://doi.org/10.1016/j.compchemeng.2010.01.016},
url = {https://www.sciencedirect.com/science/article/pii/S0098135410000293},
author = {Mohd Kamaruddin Abd Hamid and Gürkan Sin and Rafiqul Gani}
}

@article{constraints,
  title={Stable adaptation in the presence of actuator constraints with flight control applications},
  author={Lavretsky, Eugene and Hovakimyan, Naira},
  journal={Journal of guidance, control, and dynamics},
  volume={30},
  number={2},
  pages={337--345},
  year={2007}
}

@article{neckdown,
author = {Choudhury, Subhasish and Jaluria, Yogesh and Lee, Steve},
year = {1995},
month = {Jan},
pages = {1-24},
title = {Generation of neck-down profile for furnace drawing of optical fiber},
volume = {35}
}

 @article{fiber_ctrl1, title={Optimal control of melt-spinning processes}, volume={67}, DOI={10.1007/s10665-010-9363-2}, number={3}, journal={Journal of Engineering Mathematics}, author={Götz, T. and Perera, S. S.}, year={2010}, pages={153–163}} 
 
  @phdthesis{fiber_ctrl2, place={Morgantown, WV}, title={Process model and control system for the glass fiber drawing process}, school={West Virginia University}, author={Liu, Songke}, year={2010}} 

@article{fiber_fluids1,
  author={Kok-Meng Lee and Zhiyong Wei and Zhi Zhou and Siu-Ping Hong},
  journal={IEEE Transactions on Automation Science and Engineering}, 
  title={Computational thermal fluid models for design of a modern fiber draw process}, 
  year={2006},
  volume={3},
  number={1},
  pages={108-118},
  doi={10.1109/TASE.2005.859657}}

@ARTICLE{fiber_fluids2,
  author={Geyling, F. T.},
  journal={The Bell System Technical Journal}, 
  title={Basic fluid-dynamic considerations in the drawing of optical fibers}, 
  year={1976},
  volume={55},
  number={8},
  pages={1011-1056},
  doi={10.1002/j.1538-7305.1976.tb02927.x}}

@article{fiber_fluids3,
author = {Huang, H. and Miura, R. M. and Wylie, J. J.},
title = {Optical Fiber Drawing and Dopant Transport},
journal = {SIAM Journal on Applied Mathematics},
volume = {69},
number = {2},
pages = {330-347},
year = {2008},
doi = {10.1137/070700176},
URL = { 
        https://doi.org/10.1137/070700176
    
},
eprint = { 
        https://doi.org/10.1137/070700176
    
}
}

@INPROCEEDINGS{fiber_fluids4,
  author={Tchikanda, S. and Kok-Meng Lee},
  booktitle={Proceedings of the 2002 American Control Conference (IEEE Cat. No.CH37301)}, 
  title={State space modeling for optical fiber drawing process}, 
  year={2002},
  volume={6},
  number={},
  pages={4954-4959 vol.6},
  doi={10.1109/ACC.2002.1025447}}
  
 @phdthesis{ddkim_phdthesis, place={Cambridge, MA}, title={Design and development of desktop fiber and fabric manufacturing system for Advanced Materials}, school={Massachusetts Institute of Technology}, author={Kim, David Donghyun}, year={2020}} 
 
 @ARTICLE{sangwoon,
  author={Kim, Sangwoon and Kim, David Donghyun and Anthony, Brian},
  journal={IEEE/ASME Transactions on Mechatronics}, 
  title={Dynamic Control of a Fiber Manufacturing Process using Deep Reinforcement Learning}, 
  year={2021},
  volume={},
  number={},
  pages={1-1},
  doi={10.1109/TMECH.2021.3070973}}

@misc{nvidia, title={Supervised vs. Unsupervised Learning}, url={https://blogs.nvidia.com/blog/2018/08/02/supervised-unsupervised-learning/}, journal={NVIDIA Blog}, author={Salian, Isha}, year={2018}, month={Aug}} 

 @misc{andrew_ng, title={What Data Scientists Should Know About Deep Learning}, author={Ng, Andrew}, year={2015}, month={Nov}} 

 @inbook{6036, place={Cambridge, MA}, title={Chapter 8: Neural Networks}, booktitle={6.036: Intro to Machine Learning Lecture Notes}, publisher={Massachusetts Institute of Technology}, author={Kaelbling, Leslie}, year={2019}, pages={45–45}} 
 
 
 @misc{neuron, title={First Neural Network for beginners explained (with code)}, url={https://towardsdatascience.com/first-neural-network-for-beginners-explained-with-code-4cfd37e06eaf}, journal={Medium}, publisher={Towards Data Science}, author={Arnx, Arthur}, year={2019}, month={Aug}} 

@book{mackay_nn,
   title =     {Information Theory, Inference, and Learning Algorithms},
   author =    {MacKay, David J. C.},
   publisher = {Cambridge University Press},
   isbn =      {9780521642989; 0521642981},
   year =      {2002},
   edition =   {1st},
   }

@article{rumelhart_backprop, title={Learning representations by back-propagating errors}, volume={323}, DOI={10.1038/323533a0}, number={6088}, journal={Nature}, author={Rumelhart, David E. and Hinton, Geoffrey E. and Williams, Ronald J.}, year={1986}, month={Oct}, pages={533–536}} 

@inproceedings{rnn_nlp,
  author={Ilya Sutskever and James Martens and Geoffrey E. Hinton},
  title={Generating Text with Recurrent Neural Networks},
  year={2011},
  cdate={1293840000000},
  pages={1017-1024},
  url={https://icml.cc/2011/papers/524_icmlpaper.pdf},
  booktitle={ICML},
  crossref={conf/icml/2011}
}

@INPROCEEDINGS{rnn_speech_recog,
  author={Graves, Alex and Mohamed, Abdel-rahman and Hinton, Geoffrey},
  booktitle={2013 IEEE International Conference on Acoustics, Speech and Signal Processing}, 
  title={Speech recognition with deep recurrent neural networks}, 
  year={2013},
  volume={},
  number={},
  pages={6645-6649},
  doi={10.1109/ICASSP.2013.6638947}}

@article{rnn_machine_trans, title={Variational Recurrent Neural Machine Translation}, volume={32}, url={https://ojs.aaai.org/index.php/AAAI/article/view/11985}, number={1}, journal={Proceedings of the AAAI Conference on Artificial Intelligence}, author={Su, Jinsong and Wu, Shan and Xiong, Deyi and Lu, Yaojie and Han, Xianpei and Zhang, Biao}, year={2018}, month={Apr.} }
  
@book{dl_patterson,
   title =     {Deep Learning: A Practitioner’s Approach},
   author =    {Patterson, Josh and Gibson, Adam},
   publisher = {O’Reilly Media},
   isbn =      {1491914254; 9781491914250},
   year =      {2017},
   edition =   {1st}
   }

@article{duchi_adagrad,
  author  = {John Duchi and Elad Hazan and Yoram Singer},
  title   = {Adaptive Subgradient Methods for Online Learning and Stochastic Optimization},
  journal = {Journal of Machine Learning Research},
  year    = {2011},
  volume  = {12},
  number  = {61},
  pages   = {2121-2159},
  url     = {http://jmlr.org/papers/v12/duchi11a.html}
}

@article{kingma_adam,
      title={Adam: A Method for Stochastic Optimization}, 
      author={Diederik P. Kingma and Jimmy Ba},
      year={2017},
      eprint={1412.6980},
      archivePrefix={arXiv},
      primaryClass={cs.LG}
}

@article{hinton_rmsprop, place={Toronto, ON, CA}, title={Overview of mini‐batch gradient descent}, journal={Neural Networks for Machine Learning}, note={University of Toronto}, author={Hinton, Geoffrey}, year={2014}} 
 
@article{nesterov_nag, title={A method for solving the convex programming problem with convergence rate $\MakeUppercase{O}(1/k^2)$}, volume={269}, journal="Doklady Akademii Nauk SSSR", author={Nesterov, Yurii E}, year={1983}, pages={543–547}} 

@book{ml_book_chollet, place={Shelter Island}, title={Deep learning with python}, publisher={Manning Publications}, author={Chollet François}, year={2021}} 
 
@misc{batch_size_dynamics, title={Effect of batch size on training dynamics}, url={https://medium.com/mini-distill/effect-of-batch-size-on-training-dynamics-21c14f7a716e}, journal={Medium}, publisher={Mini Distill}, author={Shen, Kevin}, year={2018}, month={Jun}} 

@article{batch_size,
title = {The effect of batch size on the generalizability of the convolutional neural networks on a histopathology dataset},
journal = {ICT Express},
volume = {6},
number = {4},
pages = {312-315},
year = {2020},
issn = {2405-9595},
doi = {https://doi.org/10.1016/j.icte.2020.04.010},
url = {https://www.sciencedirect.com/science/article/pii/S2405959519303455},
author = {Ibrahem Kandel and Mauro Castelli},
}

@article{batch_norm,
      title={Batch Normalization: Accelerating Deep Network Training by Reducing Internal Covariate Shift}, 
      author={Sergey Ioffe and Christian Szegedy},
      year={2015},
      eprint={1502.03167},
      archivePrefix={arXiv},
      primaryClass={cs.LG}
}

@article{cybenko_1989,
  title={Approximation by superpositions of a sigmoidal function},
  author={George V. Cybenko},
  journal={Mathematics of Control, Signals and Systems},
  year={1989},
  volume={2},
  pages={303-314}
}

@article{hornik_uat,
    title = {Multilayer feedforward networks are universal approximators},
    journal = {Neural Networks},
    volume = {2},
    number = {5},
    pages = {359-366},
    year = {1989},
    issn = {0893-6080},
    doi = {https://doi.org/10.1016/0893-6080(89)90020-8},
    author = {Kurt Hornik and Maxwell Stinchcombe and Halbert White},
}

@article{gradient,
      title={On the difficulty of training Recurrent Neural Networks}, 
      author={Razvan Pascanu and Tomas Mikolov and Yoshua Bengio},
      year={2013},
      eprint={1211.5063},
      archivePrefix={arXiv},
      primaryClass={cs.LG}
}

@ARTICLE{vanish_grad_difficult,  author={Bengio, Y. and Simard, P. and Frasconi, P.},  journal={IEEE Transactions on Neural Networks},   title={Learning long-term dependencies with gradient descent is difficult},   year={1994},  volume={5},  number={2},  pages={157-166},  doi={10.1109/72.279181}}

@article{lstm_hochreiter,
    author = {Hochreiter, Sepp and Schmidhuber, Jürgen},
    title = "{Long Short-Term Memory}",
    journal = {Neural Computation},
    volume = {9},
    number = {8},
    pages = {1735-1780},
    year = {1997},
    month = {11},
    issn = {0899-7667},
    doi = {10.1162/neco.1997.9.8.1735},
    url = {https://doi.org/10.1162/neco.1997.9.8.1735},
    eprint = {https://direct.mit.edu/neco/article-pdf/9/8/1735/813796/neco.1997.9.8.1735.pdf},
}

 @misc{lstm_olah, title={Understanding LSTM networks}, url={https://colah.github.io/posts/2015-08-Understanding-LSTMs/}, journal={Understanding LSTM Networks -- colah's blog}, author={Olah, Christopher}, year={2015}, month={Aug}} 

@article{brnn_schuster, title={Bidirectional recurrent neural networks}, volume={45}, DOI={10.1109/78.650093}, number={11}, journal={IEEE Transactions on Signal Processing}, author={Schuster, M. and Paliwal, K.K.}, year={1997}, month={Nov}, pages={2673–2681}} 
 
 @INPROCEEDINGS{bilstm_speech,
  author={Zeyer, Albert and Doetsch, Patrick and Voigtlaender, Paul and Schlüter, Ralf and Ney, Hermann},
  booktitle={2017 IEEE International Conference on Acoustics, Speech and Signal Processing (ICASSP)}, 
  title={A comprehensive study of deep bidirectional LSTM RNNS for acoustic modeling in speech recognition}, 
  year={2017},
  volume={},
  number={},
  pages={2462-2466},
  doi={10.1109/ICASSP.2017.7952599}}
  
  @INPROCEEDINGS{bilstm_speech2,
  author={Graves, Alex and Jaitly, Navdeep and Mohamed, Abdel-rahman},
  booktitle={2013 IEEE Workshop on Automatic Speech Recognition and Understanding}, 
  title={Hybrid speech recognition with Deep Bidirectional LSTM}, 
  year={2013},
  volume={},
  number={},
  pages={273-278},
  doi={10.1109/ASRU.2013.6707742}}

@article{bilstm_pred,
  title={Deep bidirectional and unidirectional LSTM recurrent neural network for network-wide traffic speed prediction},
  author={Cui, Zhiyong and Ke, Ruimin and Pu, Ziyuan and Wang, Yinhai},
  journal={arXiv preprint arXiv:1801.02143},
  year={2018}
}

@INPROCEEDINGS{ann_finance,  author={Selvin, Sreelekshmy and Vinayakumar, R and Gopalakrishnan, E. A and Menon, Vijay Krishna and Soman, K. P.},  booktitle={2017 International Conference on Advances in Computing, Communications and Informatics (ICACCI)},   title={Stock price prediction using LSTM, RNN and CNN-sliding window model},   year={2017},  volume={},  number={},  pages={1643-1647},  doi={10.1109/ICACCI.2017.8126078}}

@ARTICLE{ann_med,  author={Roy, Subhankar and Menapace, Willi and Oei, Sebastiaan and Luijten, Ben and Fini, Enrico and Saltori, Cristiano and Huijben, Iris and Chennakeshava, Nishith and Mento, Federico and Sentelli, Alessandro and Peschiera, Emanuele and Trevisan, Riccardo and Maschietto, Giovanni and Torri, Elena and Inchingolo, Riccardo and Smargiassi, Andrea and Soldati, Gino and Rota, Paolo and Passerini, Andrea and van Sloun, Ruud J. G. and Ricci, Elisa and Demi, Libertario},  journal={IEEE Transactions on Medical Imaging},   title={Deep Learning for Classification and Localization of COVID-19 Markers in Point-of-Care Lung Ultrasound},   year={2020},  volume={39},  number={8},  pages={2676-2687},  doi={10.1109/TMI.2020.2994459}}

@ARTICLE{ann_manu,  author={Wen, Long and Li, Xinyu and Gao, Liang and Zhang, Yuyan},  journal={IEEE Transactions on Industrial Electronics},   title={A New Convolutional Neural Network-Based Data-Driven Fault Diagnosis Method},   year={2018},  volume={65},  number={7},  pages={5990-5998},  doi={10.1109/TIE.2017.2774777}}

@article{egorchev, title={Semi-empirical neural network based approach to modelling and simulation of Controlled Dynamical Systems}, volume={123}, DOI={10.1016/j.procs.2018.01.022}, journal={Procedia Computer Science}, author={Egorchev, Mikhail V. and Tiumentsev, Yury V.}, year={2018}, pages={134–139}} 
 
@INPROCEEDINGS{wang,
  author={Yu Wang},
  booktitle={2017 American Control Conference (ACC)}, 
  title={A new concept using LSTM Neural Networks for dynamic system identification}, 
  year={2017},
  volume={},
  number={},
  pages={5324-5329},
  doi={10.23919/ACC.2017.7963782}}
  
  @article{drnn,
  title={On the Long-Term Memory of Deep Recurrent Networks},
  author={Levine, Yoav and Sharir, Or and Ziv, Alon and Shashua, Amnon},
  journal={arXiv preprint arXiv:1710.09431},
  year={2017}
}

@article{gonzalez,
title = {Non-linear system modeling using LSTM neural networks},
journal = {IFAC-PapersOnLine},
volume = {51},
number = {13},
pages = {485-489},
year = {2018},
note = {2nd IFAC Conference on Modelling, Identification and Control of Nonlinear Systems MICNON 2018},
issn = {2405-8963},
doi = {https://doi.org/10.1016/j.ifacol.2018.07.326},
url = {https://www.sciencedirect.com/science/article/pii/S2405896318310814},
author = {Jesús Gonzalez and Wen Yu},
}
 
 @misc{arbel_lstm_gradient, title={How LSTM networks solve the problem of vanishing gradients}, url={https://medium.datadriveninvestor.com/how-do-lstm-networks-solve-the-problem-of-vanishing-gradients-a6784971a577}, journal={Medium}, publisher={DataDrivenInvestor}, author={Arbel, Nir}, year={2020}, month={May}} 
 
@mastersthesis{wagh, title={Deep learning of nonlinear dynamical system}, note={Open Access Master's Thesis}, school={Michigan Technological University}, author={Wagh, Aditya}, year={2020}, DOI={10.37099/mtu.dc.etdr/1062}, type = "{Master's Thesis}"}

@article{lstm_amplitude,
title = {Deep Learning and System Identification},
journal = {IFAC-PapersOnLine},
volume = {53},
number = {2},
pages = {1175-1181},
year = {2020},
note = {21st IFAC World Congress},
issn = {2405-8963},
doi = {https://doi.org/10.1016/j.ifacol.2020.12.1329},
url = {https://www.sciencedirect.com/science/article/pii/S2405896320317353},
author = {Lennart Ljung and Carl Andersson and Koen Tiels and Thomas B. Schön}
}

@misc{fu_et_al,
  doi = {10.48550/ARXIV.1911.00089},
  
  url = {https://arxiv.org/abs/1911.00089},
  
  author = {Fu, Yiwei and Saab, Samer and Ray, Asok and Hauser, Michael},
  
  keywords = {Neural and Evolutionary Computing (cs.NE), Machine Learning (cs.LG), Machine Learning (stat.ML), FOS: Computer and information sciences, FOS: Computer and information sciences},
  
  title = {A Dynamically Controlled Recurrent Neural Network for Modeling Dynamical Systems},
  
  publisher = {arXiv},
  
  year = {2019},
  
  copyright = {arXiv.org perpetual, non-exclusive license}
}



@INPROCEEDINGS{armax1,  author={Jahaya, Junainah and Nawawi, S.W. and Ibrahim, Zuwairie},  booktitle={2011 IEEE Student Conference on Research and Development},   title={Multi input single output closed loop identification of two wheel inverted pendulum mobile robot},   year={2011},  volume={},  number={},  pages={138-143},  doi={10.1109/SCOReD.2011.6148723}}

@INPROCEEDINGS{armax2,  author={Mokhlis, Salah-eddine and Sadki, Said and Bensassi, Bahloul},  booktitle={2019 International Conference on Systems of Collaboration Big Data, Internet of Things   Security (SysCoBIoTS)},   title={System Identification of a DC Servo Motor Using ARX and ARMAX Models},   year={2019},  volume={},  number={},  pages={1-4},  doi={10.1109/SysCoBIoTS48768.2019.9028015}}

@ARTICLE{smartgrid,
  author={Liu, Hesen and Zhu, Lin and Pan, Zhuohong and Bai, Feifei and Liu, Yong and Liu, Yilu and Patel, Mahendra and Farantatos, Evangelos and Bhatt, Navin},
  journal={IEEE Transactions on Smart Grid}, 
  title={ARMAX-Based Transfer Function Model Identification Using Wide-Area Measurement for Adaptive and Coordinated Damping Control}, 
  year={2017},
  volume={8},
  number={3},
  pages={1105-1115},
  doi={10.1109/TSG.2015.2470648}}


@article {car_following,
author = {Ghaffari, A. and Khodayari, A.R. and Salehinia, S. and Nouri-Khajavi, M. and Arbab Tafti, M.R.},
title = {Model Predictive Control System Design using ARMAX Identification Method for Car-following Behavior},
journal = {Iranian Journal of Mechanical Engineering Transactions of the ISME},
volume = {14},
number = {1},
pages = {48-71},
year  = {2013},
publisher = {Iranian Society of Mechanical Engineering},
issn = {1605-9727}, 
eissn = {}, 
doi = {},
url = {http://jmee.isme.ir/article_15336.html},
eprint = {http://jmee.isme.ir/article_15336_4c1dac9ddef711b1d8a01cde4df71d82.pdf}
}

@incollection{static_heat_flow,
  title={An ARMAX-model approach for estimating static heat flows in buildings},
  author={Pakanen, Jouko and Karjalainen, Sami},
  booktitle={A method for computerised energy allocation systems, Technical Research Centre of Finland ESPOO 2002},
  year={2002},
  publisher={VTT Publications}
}

 @misc{ni, title={Selecting a model structure in the system identification process}, url={https://www.ni.com/en-us/support/documentation/supplemental/06/selecting-a-model-structure-in-the-system-identification-process.html}, note={National Instruments Corp.}, year={2020}, month={Feb}} 


 @article{iter_sysid_wills, title={On gradient-based search for multivariable system estimates}, volume={53}, DOI={10.1109/tac.2007.914953}, number={1}, journal={IEEE Transactions on Automatic Control}, author={Wills, Adrian and Ninness, Brett}, year={2008}, pages={298–306}} 
 
 @misc{pid, title={Pid Controller}, url={https://en.wikipedia.org/wiki/PID_controller#/media/File:PID_en.svg}, journal={Wikipedia}, publisher={Wikimedia Foundation}, author={Urquizo, Arturo}, year={2022}, month={Mar}} 

 @incollection{finite_diff, place={Hoboken, NJ}, title={8.3.2 Finite Difference Formulas for the Second Derivative}, booktitle={Numerical methods for engineers and scientists: An introduction with applications using MATLAB®}, publisher={John Wiley &amp; Sons, Inc.}, author={Gilat, Amos and Subramaniam, Vish}, year={2014}, pages={315–316}} 

@article{trischler,
title = {Synthesis of recurrent neural networks for dynamical system simulation},
journal = {Neural Networks},
volume = {80},
pages = {67-78},
year = {2016},
issn = {0893-6080},
doi = {https://doi.org/10.1016/j.neunet.2016.04.001},
url = {https://www.sciencedirect.com/science/article/pii/S0893608016300314},
author = {Adam P. Trischler and Gabriele M.T. D’Eleuterio}
}

@inproceedings{tan_et_al,
title	= {Sim-to-Real: Learning Agile Locomotion For Quadruped Robots},
author	= {Jie Tan and Tingnan Zhang and Erwin Coumans and Atil Iscen and Yunfei Bai and Danijar Hafner and Steven Bohez and Vincent Vanhoucke},
year	= {2018},
URL	= {https://arxiv.org/pdf/1804.10332.pdf}
}

@InProceedings{transfer_learning_sdc,
author = {Maqueda, Ana I. and Loquercio, Antonio and Gallego, Guillermo and García, Narciso and Scaramuzza, Davide},
title = {Event-Based Vision Meets Deep Learning on Steering Prediction for Self-Driving Cars},
booktitle = {Proceedings of the IEEE Conference on Computer Vision and Pattern Recognition (CVPR)},
month = {June},
year = {2018}
}

@ARTICLE{transfer_learning_cnn,  author={Shin, Hoo-Chang and Roth, Holger R. and Gao, Mingchen and Lu, Le and Xu, Ziyue and Nogues, Isabella and Yao, Jianhua and Mollura, Daniel and Summers, Ronald M.},  journal={IEEE Transactions on Medical Imaging},   title={Deep Convolutional Neural Networks for Computer-Aided Detection: CNN Architectures, Dataset Characteristics and Transfer Learning},   year={2016},  volume={35},  number={5},  pages={1285-1298},  doi={10.1109/TMI.2016.2528162}}

@article{tossingbot_zeng_residual_physics,
  doi = {10.48550/ARXIV.1903.11239},
  
  url = {https://arxiv.org/abs/1903.11239},
  
  author = {Zeng, Andy and Song, Shuran and Lee, Johnny and Rodriguez, Alberto and Funkhouser, Thomas},

  title = {TossingBot: Learning to Throw Arbitrary Objects with Residual Physics},
  
  publisher = {arXiv},
  
  year = {2019},
  
  copyright = {arXiv.org perpetual, non-exclusive license}
}

@article{breaks1,
author = { S. Roy   Choudhury },
title = {A COMPUTATIONAL METHOD FOR GENERATING THE FREE-SURFACE NECK-DOWN PROFILE FOR GLASS FLOW IN OPTICAL FIBER DRAWING},
journal = {Numerical Heat Transfer, Part A: Applications},
volume = {35},
number = {1},
pages = {1-24},
year  = {1999},
publisher = {Taylor & Francis},
doi = {10.1080/104077899275344},

URL = { 
        https://doi.org/10.1080/104077899275344
    
},
eprint = { 
        https://doi.org/10.1080/104077899275344
    
}

}

@inproceedings{breaks2,
author = {J.-Y. Boniort and J. Leboucq and P. Bacle and C. Reinaudo},
title = {{Improvement Of Optical Fiber Strength For Submarine Cables}},
volume = {0584},
booktitle = {Optical Fiber Characteristics and Standards},
editor = {Remy Bouillie},
organization = {International Society for Optics and Photonics},
publisher = {SPIE},
pages = {93 -- 98},
year = {1986},
doi = {10.1117/12.950970},
URL = {https://doi.org/10.1117/12.950970}
}

@INPROCEEDINGS{normalization1,  author={Singh, Namrata and Singh, Pradeep},  booktitle={2021 International Conference on Artificial Intelligence and Machine Vision (AIMV)},   title={Exploring the effect of normalization on medical data classification},   year={2021},  volume={},  number={},  pages={1-5},  doi={10.1109/AIMV53313.2021.9670938}}

@article{normalization2,
title = {Investigating the impact of data normalization on classification performance},
journal = {Applied Soft Computing},
volume = {97},
pages = {105524},
year = {2020},
issn = {1568-4946},
doi = {https://doi.org/10.1016/j.asoc.2019.105524},
url = {https://www.sciencedirect.com/science/article/pii/S1568494619302947},
author = {Dalwinder Singh and Birmohan Singh}
}

@misc{ljung_ideal_white,
  doi = {10.48550/ARXIV.1902.00683},
  
  url = {https://arxiv.org/abs/1902.00683},
  
  author = {Schoukens, Johan and Ljung, Lennart},
  
  keywords = {Systems and Control (eess.SY), FOS: Electrical engineering, electronic engineering, information engineering, FOS: Electrical engineering, electronic engineering, information engineering},
  
  title = {Nonlinear System Identification: A User-Oriented Roadmap},
  
  publisher = {arXiv},
  
  year = {2019},
  
  copyright = {arXiv.org perpetual, non-exclusive license}
}

@book{nasa_white_residual, place={Hampton, VA}, title={Comparison of system identification techniques for the hydraulic manipulator test bed (HMTB)}, publisher={National Aeronautics and Space Administration, Langley Research Center}, author={Morris, A. Terry}, year={1996}} 

@MISC{matlab_merge,
    title = "Merge estimated models - MATLAB",
    note = "https://www.mathworks.com/help/ident/ ref/iddata.merge.html"
}

@article{sysid_pipeline,
author = {Xiao, Xinshu and Mullen, Thomas and Mukkamala, Ramakrishna},
year = {2005},
month = {07},
pages = {R41-71},
title = {System identification: A multi-signal approach for probing neural cardiovascular regulation},
volume = {26},
journal = {Physiological measurement},
doi = {10.1088/0967-3334/26/3/R01}
}

@book{ljung1999system,
  title={System Identification: Theory for the User},
  author={Ljung, Lennart},
  isbn={9780136566953},
  lccn={98018554},
  series={Prentice Hall information and system sciences series},
  year={1999},
  publisher={Prentice Hall PTR}
}

@InProceedings{explainability1,
author = {Pope, Phillip E. and Kolouri, Soheil and Rostami, Mohammad and Martin, Charles E. and Hoffmann, Heiko},
title = {Explainability Methods for Graph Convolutional Neural Networks},
booktitle = {Proceedings of the IEEE/CVF Conference on Computer Vision and Pattern Recognition (CVPR)},
month = {June},
year = {2019}
}

@INPROCEEDINGS{explainability2,  author={Chhatwal, Rishi and Gronvall, Peter and Huber-Fliflet, Nathaniel and Keeling, Robert and Zhang, Jianping and Zhao, Haozhen},  booktitle={2018 IEEE International Conference on Big Data (Big Data)},   title={Explainable Text Classification in Legal Document Review A Case Study of Explainable Predictive Coding},   year={2018},  volume={},  number={},  pages={1905-1911},  doi={10.1109/BigData.2018.8622073}}

@article{equation_output_error, title={Equation error versus output error methods}, volume={35}, DOI={10.1080/00140139208967836}, number={5-6}, journal={Ergonomics}, author={Tomita, Yutaka and Damen, Ad A. and Hof, Paul M.}, year={1992}, pages={551–564}} 

@misc{tedrake_manipulation_lec_error, place={Cambridge, MA}, title={Lecture 19: Parameter Estimation and Adaptive Control}, journal={MIT 6.881 (Robotic Manipulation), Fall 2020 }, publisher={Massachusetts Institute of Technology}, author={Tedrake, Russ}, year={2020}, month={Nov}} 

@article{manu_ctrl1,
author = {J. Nizami and C. Batur},
title ={Stability Analysis and Controller Design for Polymer Sheet Extrusion},
journal = {Journal of Vibration and Control},
volume = {6},
number = {7},
pages = {1083-1105},
year = {2000},
doi = {10.1177/107754630000600708},

URL = { 
        https://doi.org/10.1177/107754630000600708
    
},
eprint = { 
        https://doi.org/10.1177/107754630000600708
    
}
}

@article{manu_ctrl2, title={Near optimal manufacturing flow controller design}, volume={3}, DOI={10.1007/bf00170212}, number={3-4}, journal={International Journal of Flexible Manufacturing Systems}, author={Caramanis, Michael and Sharifnia, Ali}, year={1991}} 

@ARTICLE{manu_ctrl3,  author={Hesketh, T. and Yu An Jiang and Clements, D.J. and Butler, D.h. and Van der Laan, R.},  journal={IEEE Transactions on Control Systems Technology},   title={Controller design for hot strip finishing mills},   year={1998},  volume={6},  number={2},  pages={208-219},  doi={10.1109/87.664188}}